%YAML 1.1
%TAG !u! tag:unity3d.com,2011:
--- !u!114 &-6698845086169781030
MonoBehaviour:
  m_ObjectHideFlags: 1
  m_CorrespondingSourceObject: {fileID: 0}
  m_PrefabInstance: {fileID: 0}
  m_PrefabAsset: {fileID: 0}
  m_GameObject: {fileID: 0}
  m_Enabled: 1
  m_EditorHideFlags: 0
  m_Script: {fileID: 11500000, guid: 0a578cedc5cb4910846bf5566fb79fa9, type: 3}
  m_Name: UIDrawerNode
  m_EditorClassIdentifier: 
  ErrorNodeNameIsEmpty: 0
  ErrorDuplicateNameFoundInGraph: 0
  m_inputSockets:
  - m_connectionMode: 1
    m_connections: []
    m_connectionPoints:
    - {x: -2, y: 4}
    - {x: 202, y: 4}
    m_direction: 0
    m_canBeDeleted: 0
    m_canBeReordered: 0
    m_curveModifier: 0
    m_height: 24
    m_width: 216
    m_x: 0
    m_y: 38
    m_id: ce2a8832-4985-4109-b1f6-97b4816e0841
    m_nodeId: 82e5ce58-cb9f-42ed-a3ea-3201ebbe8632
    m_socketName: InputSocket_0
    m_value: '{}'
    m_valueTypeQualifiedName: Doozy.Engine.Nody.Connections.PassthroughConnection,
      Assembly-CSharp, Version=0.0.0.0, Culture=neutral, PublicKeyToken=null
  m_outputSockets:
  - m_connectionMode: 0
    m_connections:
    - m_inputConnectionPoint: {x: -2, y: 4}
      m_outputConnectionPoint: {x: 202, y: 4}
      m_id: f56f7509-2f60-49a8-a718-bdac1075207e
      m_inputNodeId: 798fdce0-c362-4fe0-a635-493c9cd307d9
      m_inputSocketId: a1d59efb-d818-4709-8e6a-5a9180d095db
      m_outputNodeId: 82e5ce58-cb9f-42ed-a3ea-3201ebbe8632
      m_outputSocketId: 209d556e-aaaa-4a79-bf13-6108a0346bae
    m_connectionPoints:
    - {x: -2, y: 4}
    - {x: 202, y: 4}
    m_direction: 1
    m_canBeDeleted: 0
    m_canBeReordered: 0
    m_curveModifier: 0
    m_height: 24
    m_width: 216
    m_x: 0
    m_y: 62
    m_id: 209d556e-aaaa-4a79-bf13-6108a0346bae
    m_nodeId: 82e5ce58-cb9f-42ed-a3ea-3201ebbe8632
    m_socketName: OutputSocket_0
    m_value: '{}'
    m_valueTypeQualifiedName: Doozy.Engine.Nody.Connections.PassthroughConnection,
      Assembly-CSharp, Version=0.0.0.0, Culture=neutral, PublicKeyToken=null
  m_nodeType: 4
  m_allowDuplicateNodeName: 1
  m_allowEmptyNodeName: 0
  m_canBeDeleted: 1
  m_debugMode: 0
  m_useFixedUpdate: 0
  m_useLateUpdate: 0
  m_useUpdate: 0
  m_height: 156
  m_width: 216
  m_x: -420
  m_y: -492
  m_minimumInputSocketsCount: 1
  m_minimumOutputSocketsCount: 1
  m_graphId: 82f6bc80-827e-4fdd-bf06-79537837bc8c
  m_id: 82e5ce58-cb9f-42ed-a3ea-3201ebbe8632
  m_name: UIDrawer
  m_notes: 
  ErrorNoDrawerName: 0
  DrawerName: Escape
  CustomDrawerName: 0
  Action: 0
--- !u!114 &-6581273228083281096
MonoBehaviour:
  m_ObjectHideFlags: 1
  m_CorrespondingSourceObject: {fileID: 0}
  m_PrefabInstance: {fileID: 0}
  m_PrefabAsset: {fileID: 0}
  m_GameObject: {fileID: 0}
  m_Enabled: 1
  m_EditorHideFlags: 0
  m_Script: {fileID: 11500000, guid: 97aebf4d1c7c46d9843e5c78fd464d44, type: 3}
  m_Name: GameEventNode
  m_EditorClassIdentifier: 
  ErrorNodeNameIsEmpty: 0
  ErrorDuplicateNameFoundInGraph: 0
  m_inputSockets:
  - m_connectionMode: 1
    m_connections: []
    m_connectionPoints:
    - {x: -2, y: 4}
    - {x: 202, y: 4}
    m_direction: 0
    m_canBeDeleted: 0
    m_canBeReordered: 0
    m_curveModifier: 0
    m_height: 24
    m_width: 216
    m_x: 0
    m_y: 38
    m_id: 9fdd97cb-bf8d-4150-a3dc-267b30911775
    m_nodeId: 61e15205-35ea-488e-833c-02399bbb4670
    m_socketName: InputSocket_0
    m_value: '{}'
    m_valueTypeQualifiedName: Doozy.Engine.Nody.Connections.PassthroughConnection,
      Assembly-CSharp, Version=0.0.0.0, Culture=neutral, PublicKeyToken=null
  m_outputSockets:
  - m_connectionMode: 0
    m_connections: []
    m_connectionPoints:
    - {x: -2, y: 4}
    - {x: 202, y: 4}
    m_direction: 1
    m_canBeDeleted: 0
    m_canBeReordered: 0
    m_curveModifier: 0
    m_height: 24
    m_width: 216
    m_x: 0
    m_y: 62
    m_id: 138ba881-b21a-437e-b5d8-0d8288d119d0
    m_nodeId: 61e15205-35ea-488e-833c-02399bbb4670
    m_socketName: OutputSocket_0
    m_value: '{}'
    m_valueTypeQualifiedName: Doozy.Engine.Nody.Connections.PassthroughConnection,
      Assembly-CSharp, Version=0.0.0.0, Culture=neutral, PublicKeyToken=null
  m_nodeType: 4
  m_allowDuplicateNodeName: 0
  m_allowEmptyNodeName: 0
  m_canBeDeleted: 1
  m_debugMode: 0
  m_useFixedUpdate: 0
  m_useLateUpdate: 0
  m_useUpdate: 0
  m_height: 156
  m_width: 216
  m_x: 984
  m_y: 84
  m_minimumInputSocketsCount: 1
  m_minimumOutputSocketsCount: 1
  m_graphId: 82f6bc80-827e-4fdd-bf06-79537837bc8c
  m_id: 61e15205-35ea-488e-833c-02399bbb4670
  m_name: Send Game Events
  m_notes: 
  ErrorNotSendingAnyGameEvent: 0
  GameEvent: Apagar
--- !u!114 &-5994231463172464424
MonoBehaviour:
  m_ObjectHideFlags: 1
  m_CorrespondingSourceObject: {fileID: 0}
  m_PrefabInstance: {fileID: 0}
  m_PrefabAsset: {fileID: 0}
  m_GameObject: {fileID: 0}
  m_Enabled: 1
  m_EditorHideFlags: 0
  m_Script: {fileID: 11500000, guid: 840a439e06374673a9115ed02deb5a54, type: 3}
  m_Name: UINode
  m_EditorClassIdentifier: 
  ErrorNodeNameIsEmpty: 0
  ErrorDuplicateNameFoundInGraph: 0
  m_inputSockets:
  - m_connectionMode: 1
    m_connections:
    - m_inputConnectionPoint: {x: -2, y: 4}
      m_outputConnectionPoint: {x: 202, y: 4}
      m_id: d51fa6e5-9bb4-4d4a-90d6-98411f726f2e
      m_inputNodeId: ec2ef817-a389-4958-b298-50f40ecbd7e7
      m_inputSocketId: 52024981-4649-4a4e-a640-2b0383d4f0a4
      m_outputNodeId: 71e04f5c-9057-4195-913c-ff74528ec527
      m_outputSocketId: f71498eb-028a-47c4-8349-53e302d419e4
    m_connectionPoints:
    - {x: -2, y: 4}
    - {x: 202, y: 4}
    m_direction: 0
    m_canBeDeleted: 0
    m_canBeReordered: 0
    m_curveModifier: 0
    m_height: 24
    m_width: 216
    m_x: 0
    m_y: 38
    m_id: 52024981-4649-4a4e-a640-2b0383d4f0a4
    m_nodeId: ec2ef817-a389-4958-b298-50f40ecbd7e7
    m_socketName: InputSocket_0
    m_value: '{"ButtonCategory":"General","ButtonName":"Unnamed","GameEvent":"","TimeDelay":3.0,"Trigger":0}'
    m_valueTypeQualifiedName: Doozy.Engine.UI.Connections.UIConnection, Assembly-CSharp,
      Version=0.0.0.0, Culture=neutral, PublicKeyToken=null
  m_outputSockets:
  - m_connectionMode: 0
    m_connections:
    - m_inputConnectionPoint: {x: 202, y: 4}
      m_outputConnectionPoint: {x: -2, y: 4}
      m_id: 6ed63452-a970-4e3f-922b-fb39cb66f078
      m_inputNodeId: 9a94fe78-ff27-4f2d-bdf5-f7408383500c
      m_inputSocketId: c175b1bd-b405-421a-b14c-e6eda482740d
      m_outputNodeId: ec2ef817-a389-4958-b298-50f40ecbd7e7
      m_outputSocketId: f9764705-9754-4949-9fb9-83913c0b4c43
    m_connectionPoints:
    - {x: -2, y: 4}
    - {x: 202, y: 4}
    m_direction: 1
    m_canBeDeleted: 1
    m_canBeReordered: 1
    m_curveModifier: 0
    m_height: 24
    m_width: 216
    m_x: 0
    m_y: 62
    m_id: f9764705-9754-4949-9fb9-83913c0b4c43
    m_nodeId: ec2ef817-a389-4958-b298-50f40ecbd7e7
    m_socketName: OutputSocket_0
    m_value: '{"ButtonCategory":"Creditos2","ButtonName":"Manu","GameEvent":"","TimeDelay":3.0,"Trigger":0}'
    m_valueTypeQualifiedName: Doozy.Engine.UI.Connections.UIConnection, Assembly-CSharp,
      Version=0.0.0.0, Culture=neutral, PublicKeyToken=null
  m_nodeType: 4
  m_allowDuplicateNodeName: 0
  m_allowEmptyNodeName: 0
  m_canBeDeleted: 1
  m_debugMode: 0
  m_useFixedUpdate: 0
  m_useLateUpdate: 0
  m_useUpdate: 0
  m_height: 128
  m_width: 216
  m_x: 84
  m_y: 300
  m_minimumInputSocketsCount: 1
  m_minimumOutputSocketsCount: 1
  m_graphId: 82f6bc80-827e-4fdd-bf06-79537837bc8c
  m_id: ec2ef817-a389-4958-b298-50f40ecbd7e7
  m_name: Creditos2
  m_notes: 
  m_onEnterShowViews:
  - Category: Creditos2
    InstantAction: 0
    Name: MenuCreditos2
  m_onEnterHideViews: []
  m_onExitShowViews: []
  m_onExitHideViews:
  - Category: Creditos
    InstantAction: 0
    Name: MenuCreditos
  - Category: Creditos2
    InstantAction: 0
    Name: MenuCreditos2
--- !u!114 &-5192146968059394216
MonoBehaviour:
  m_ObjectHideFlags: 1
  m_CorrespondingSourceObject: {fileID: 0}
  m_PrefabInstance: {fileID: 0}
  m_PrefabAsset: {fileID: 0}
  m_GameObject: {fileID: 0}
  m_Enabled: 1
  m_EditorHideFlags: 0
  m_Script: {fileID: 11500000, guid: bd1cae8f478440ec81883a1fcedcb279, type: 3}
  m_Name: SoundNode
  m_EditorClassIdentifier: 
  ErrorNodeNameIsEmpty: 0
  ErrorDuplicateNameFoundInGraph: 0
  m_inputSockets:
  - m_connectionMode: 1
    m_connections:
    - m_inputConnectionPoint: {x: -2, y: 4}
      m_outputConnectionPoint: {x: 106, y: 4}
      m_id: 13cdb8dd-fa9c-44a6-8168-49c0d3acc596
      m_inputNodeId: b3f52e5b-53c2-44ed-a4bc-5e108def4a2f
      m_inputSocketId: a786400b-1f45-446b-a399-58d12de7e8cc
      m_outputNodeId: c3256188-967f-4bf2-a631-7978a8c99e61
      m_outputSocketId: 50353abe-4617-4bc9-af02-1973810bf6ca
    m_connectionPoints:
    - {x: -2, y: 4}
    - {x: 202, y: 4}
    m_direction: 0
    m_canBeDeleted: 0
    m_canBeReordered: 0
    m_curveModifier: 0
    m_height: 24
    m_width: 216
    m_x: 0
    m_y: 38
    m_id: a786400b-1f45-446b-a399-58d12de7e8cc
    m_nodeId: b3f52e5b-53c2-44ed-a4bc-5e108def4a2f
    m_socketName: InputSocket_0
    m_value: '{}'
    m_valueTypeQualifiedName: Doozy.Engine.Nody.Connections.PassthroughConnection,
      Assembly-CSharp, Version=0.0.0.0, Culture=neutral, PublicKeyToken=null
  m_outputSockets:
  - m_connectionMode: 0
    m_connections:
    - m_inputConnectionPoint: {x: 202, y: 4}
      m_outputConnectionPoint: {x: 202, y: 4}
      m_id: cde3d1d7-fa2d-4541-bab6-c36a00439054
      m_inputNodeId: 9a94fe78-ff27-4f2d-bdf5-f7408383500c
      m_inputSocketId: c175b1bd-b405-421a-b14c-e6eda482740d
      m_outputNodeId: b3f52e5b-53c2-44ed-a4bc-5e108def4a2f
      m_outputSocketId: f5a20fe7-7af4-4018-a5a0-f2b91f7fede0
    m_connectionPoints:
    - {x: -2, y: 4}
    - {x: 202, y: 4}
    m_direction: 1
    m_canBeDeleted: 0
    m_canBeReordered: 0
    m_curveModifier: 0
    m_height: 24
    m_width: 216
    m_x: 0
    m_y: 62
    m_id: f5a20fe7-7af4-4018-a5a0-f2b91f7fede0
    m_nodeId: b3f52e5b-53c2-44ed-a4bc-5e108def4a2f
    m_socketName: OutputSocket_0
    m_value: '{}'
    m_valueTypeQualifiedName: Doozy.Engine.Nody.Connections.PassthroughConnection,
      Assembly-CSharp, Version=0.0.0.0, Culture=neutral, PublicKeyToken=null
  m_nodeType: 4
  m_allowDuplicateNodeName: 1
  m_allowEmptyNodeName: 0
  m_canBeDeleted: 1
  m_debugMode: 0
  m_useFixedUpdate: 0
  m_useLateUpdate: 0
  m_useUpdate: 0
  m_height: 178
  m_width: 216
  m_x: -624
  m_y: -192
  m_minimumInputSocketsCount: 1
  m_minimumOutputSocketsCount: 1
  m_graphId: 82f6bc80-827e-4fdd-bf06-79537837bc8c
  m_id: b3f52e5b-53c2-44ed-a4bc-5e108def4a2f
  m_name: Sound Node
  m_notes: 
  ErrorPlayActionHasNoSound: 0
  SoundData:
    SoundSource: 1
    DatabaseName: General
    SoundName: 
    AudioClip: {fileID: 8300000, guid: 75a0b38d577fcfc4ab5137afffa72cbb, type: 3}
    OutputAudioMixerGroup: {fileID: 0}
  SoundAction: 0
--- !u!114 &-3969025791795908517
MonoBehaviour:
  m_ObjectHideFlags: 1
  m_CorrespondingSourceObject: {fileID: 0}
  m_PrefabInstance: {fileID: 0}
  m_PrefabAsset: {fileID: 0}
  m_GameObject: {fileID: 0}
  m_Enabled: 1
  m_EditorHideFlags: 0
  m_Script: {fileID: 11500000, guid: 840a439e06374673a9115ed02deb5a54, type: 3}
  m_Name: UINode
  m_EditorClassIdentifier: 
  ErrorNodeNameIsEmpty: 0
  ErrorDuplicateNameFoundInGraph: 0
  m_inputSockets:
  - m_connectionMode: 1
    m_connections:
    - m_inputConnectionPoint: {x: 202, y: 4}
      m_outputConnectionPoint: {x: -2, y: 4}
      m_id: 6ed63452-a970-4e3f-922b-fb39cb66f078
      m_inputNodeId: 9a94fe78-ff27-4f2d-bdf5-f7408383500c
      m_inputSocketId: c175b1bd-b405-421a-b14c-e6eda482740d
      m_outputNodeId: ec2ef817-a389-4958-b298-50f40ecbd7e7
      m_outputSocketId: f9764705-9754-4949-9fb9-83913c0b4c43
    - m_inputConnectionPoint: {x: 202, y: 4}
      m_outputConnectionPoint: {x: -2, y: 4}
      m_id: 6fc909eb-efab-4802-a4d7-0e5fdd5afd2c
      m_inputNodeId: 9a94fe78-ff27-4f2d-bdf5-f7408383500c
      m_inputSocketId: c175b1bd-b405-421a-b14c-e6eda482740d
      m_outputNodeId: 5e6b8344-4e30-467c-9ad9-84ab8009fddd
      m_outputSocketId: af53f679-010c-4ae2-b070-9b52b3ade4ff
    - m_inputConnectionPoint: {x: 202, y: 4}
      m_outputConnectionPoint: {x: 202, y: 4}
      m_id: cde3d1d7-fa2d-4541-bab6-c36a00439054
      m_inputNodeId: 9a94fe78-ff27-4f2d-bdf5-f7408383500c
      m_inputSocketId: c175b1bd-b405-421a-b14c-e6eda482740d
      m_outputNodeId: b3f52e5b-53c2-44ed-a4bc-5e108def4a2f
      m_outputSocketId: f5a20fe7-7af4-4018-a5a0-f2b91f7fede0
    m_connectionPoints:
    - {x: -2, y: 4}
    - {x: 202, y: 4}
    m_direction: 0
    m_canBeDeleted: 0
    m_canBeReordered: 0
    m_curveModifier: 0
    m_height: 24
    m_width: 216
    m_x: 0
    m_y: 38
    m_id: c175b1bd-b405-421a-b14c-e6eda482740d
    m_nodeId: 9a94fe78-ff27-4f2d-bdf5-f7408383500c
    m_socketName: InputSocket_0
    m_value: '{"ButtonCategory":"General","ButtonName":"Unnamed","GameEvent":"","TimeDelay":3.0,"Trigger":0}'
    m_valueTypeQualifiedName: Doozy.Engine.UI.Connections.UIConnection, Assembly-CSharp,
      Version=0.0.0.0, Culture=neutral, PublicKeyToken=null
  m_outputSockets:
  - m_connectionMode: 0
    m_connections:
    - m_inputConnectionPoint: {x: -2, y: 4}
      m_outputConnectionPoint: {x: 202, y: 4}
      m_id: 78242ddb-9091-403a-b0df-a490d3e61b20
      m_inputNodeId: c3a7ac96-5a9a-4003-a54e-bc4da076788d
      m_inputSocketId: 76875a59-9fcb-4ceb-9af1-85c7c7ee4102
      m_outputNodeId: 9a94fe78-ff27-4f2d-bdf5-f7408383500c
      m_outputSocketId: a0abb984-3e7c-42a7-9962-7f73ad81b215
    m_connectionPoints:
    - {x: -2, y: 4}
    - {x: 202, y: 4}
    m_direction: 1
    m_canBeDeleted: 1
    m_canBeReordered: 1
    m_curveModifier: 0
    m_height: 24
    m_width: 216
    m_x: 0
    m_y: 62
    m_id: a0abb984-3e7c-42a7-9962-7f73ad81b215
    m_nodeId: 9a94fe78-ff27-4f2d-bdf5-f7408383500c
    m_socketName: OutputSocket_0
    m_value: '{"ButtonCategory":"The Flood Game","ButtonName":"Play Demo","GameEvent":"","TimeDelay":3.0,"Trigger":0}'
    m_valueTypeQualifiedName: Doozy.Engine.UI.Connections.UIConnection, Assembly-CSharp,
      Version=0.0.0.0, Culture=neutral, PublicKeyToken=null
  - m_connectionMode: 0
    m_connections:
    - m_inputConnectionPoint: {x: -2, y: 4}
      m_outputConnectionPoint: {x: 202, y: 4}
      m_id: fd926892-5435-4c27-9e27-c42a0950346f
      m_inputNodeId: 71e04f5c-9057-4195-913c-ff74528ec527
      m_inputSocketId: 2d87769a-3609-4085-88b7-58cfd633680f
      m_outputNodeId: 9a94fe78-ff27-4f2d-bdf5-f7408383500c
      m_outputSocketId: 02cb5fce-b651-48f5-a42b-2a4fa38ea926
    m_connectionPoints:
    - {x: -2, y: 4}
    - {x: 202, y: 4}
    m_direction: 1
    m_canBeDeleted: 1
    m_canBeReordered: 1
    m_curveModifier: 0
    m_height: 24
    m_width: 216
    m_x: 0
    m_y: 86
    m_id: 02cb5fce-b651-48f5-a42b-2a4fa38ea926
    m_nodeId: 9a94fe78-ff27-4f2d-bdf5-f7408383500c
    m_socketName: OutputSocket_1
    m_value: '{"ButtonCategory":"The Flood Game","ButtonName":"Creditos","GameEvent":"","TimeDelay":3.0,"Trigger":0}'
    m_valueTypeQualifiedName: Doozy.Engine.UI.Connections.UIConnection, Assembly-CSharp,
      Version=0.0.0.0, Culture=neutral, PublicKeyToken=null
  - m_connectionMode: 0
    m_connections:
    - m_inputConnectionPoint: {x: 202, y: 4}
      m_outputConnectionPoint: {x: 202, y: 4}
      m_id: 1506e33a-548d-4049-97ac-a3d898864323
      m_inputNodeId: ba936ac4-ca9d-48d3-b785-0e6e10415214
      m_inputSocketId: 63f6c230-73e7-41cb-ae87-2e27465fee7b
      m_outputNodeId: 9a94fe78-ff27-4f2d-bdf5-f7408383500c
      m_outputSocketId: 22f41853-ed8d-4ffd-8ec8-04962db64852
    m_connectionPoints:
    - {x: -2, y: 4}
    - {x: 202, y: 4}
    m_direction: 1
    m_canBeDeleted: 1
    m_canBeReordered: 1
    m_curveModifier: 0
    m_height: 24
    m_width: 216
    m_x: 0
    m_y: 110
    m_id: 22f41853-ed8d-4ffd-8ec8-04962db64852
    m_nodeId: 9a94fe78-ff27-4f2d-bdf5-f7408383500c
    m_socketName: OutputSocket_2
    m_value: '{"ButtonCategory":"The Flood Game","ButtonName":"Salir","GameEvent":"","TimeDelay":3.0,"Trigger":0}'
    m_valueTypeQualifiedName: Doozy.Engine.UI.Connections.UIConnection, Assembly-CSharp,
      Version=0.0.0.0, Culture=neutral, PublicKeyToken=null
  m_nodeType: 4
  m_allowDuplicateNodeName: 0
  m_allowEmptyNodeName: 0
  m_canBeDeleted: 1
  m_debugMode: 0
  m_useFixedUpdate: 0
  m_useLateUpdate: 0
  m_useUpdate: 0
  m_height: 176
  m_width: 216
  m_x: -624
  m_y: 24
  m_minimumInputSocketsCount: 1
  m_minimumOutputSocketsCount: 1
  m_graphId: 82f6bc80-827e-4fdd-bf06-79537837bc8c
  m_id: 9a94fe78-ff27-4f2d-bdf5-f7408383500c
  m_name: UI MainMenu
  m_notes: 
  m_onEnterShowViews:
  - Category: MyMenu
    InstantAction: 0
    Name: MenuPrincipal
  m_onEnterHideViews: []
  m_onExitShowViews: []
  m_onExitHideViews:
  - Category: Creditos2
    InstantAction: 0
    Name: MenuCreditos2
  - Category: DieScreen
    InstantAction: 0
    Name: MenuMuerte
  - Category: DieScreen
    InstantAction: 0
    Name: MenuMuerte
  - Category: MyMenu
    InstantAction: 0
    Name: MenuPrincipal
  - Category: Pausa
    InstantAction: 0
    Name: MenuStart
--- !u!114 &-3755638954505113372
MonoBehaviour:
  m_ObjectHideFlags: 1
  m_CorrespondingSourceObject: {fileID: 0}
  m_PrefabInstance: {fileID: 0}
  m_PrefabAsset: {fileID: 0}
  m_GameObject: {fileID: 0}
  m_Enabled: 1
  m_EditorHideFlags: 0
  m_Script: {fileID: 11500000, guid: d57ed238b12b4e09aba0c83117a55de7, type: 3}
  m_Name: StartNode
  m_EditorClassIdentifier: 
  ErrorNodeNameIsEmpty: 0
  ErrorDuplicateNameFoundInGraph: 0
  m_inputSockets: []
  m_outputSockets:
  - m_connectionMode: 0
    m_connections:
    - m_inputConnectionPoint: {x: -2, y: 4}
      m_outputConnectionPoint: {x: 106, y: 4}
      m_id: 13cdb8dd-fa9c-44a6-8168-49c0d3acc596
      m_inputNodeId: b3f52e5b-53c2-44ed-a4bc-5e108def4a2f
      m_inputSocketId: a786400b-1f45-446b-a399-58d12de7e8cc
      m_outputNodeId: c3256188-967f-4bf2-a631-7978a8c99e61
      m_outputSocketId: 50353abe-4617-4bc9-af02-1973810bf6ca
    m_connectionPoints:
    - {x: -2, y: 4}
    - {x: 106, y: 4}
    m_direction: 1
    m_canBeDeleted: 0
    m_canBeReordered: 0
    m_curveModifier: 0
    m_height: 24
    m_width: 120
    m_x: 0
    m_y: 38
    m_id: 50353abe-4617-4bc9-af02-1973810bf6ca
    m_nodeId: c3256188-967f-4bf2-a631-7978a8c99e61
    m_socketName: OutputSocket_0
    m_value: '{"ButtonCategory":"General","ButtonName":"Unnamed","GameEvent":"","TimeDelay":3.0,"Trigger":0}'
    m_valueTypeQualifiedName: Doozy.Engine.UI.Connections.UIConnection, Assembly-CSharp,
      Version=0.0.0.0, Culture=neutral, PublicKeyToken=null
  m_nodeType: 0
  m_allowDuplicateNodeName: 0
  m_allowEmptyNodeName: 0
  m_canBeDeleted: 0
  m_debugMode: 0
  m_useFixedUpdate: 0
  m_useLateUpdate: 0
  m_useUpdate: 0
  m_height: 80
  m_width: 120
  m_x: -792
  m_y: -48
  m_minimumInputSocketsCount: 1
  m_minimumOutputSocketsCount: 1
  m_graphId: 82f6bc80-827e-4fdd-bf06-79537837bc8c
  m_id: c3256188-967f-4bf2-a631-7978a8c99e61
  m_name: Start
  m_notes: 'viwe

'
  ErrorNodeIsNotConnected: 0
--- !u!114 &-2805573285839480576
MonoBehaviour:
  m_ObjectHideFlags: 1
  m_CorrespondingSourceObject: {fileID: 0}
  m_PrefabInstance: {fileID: 0}
  m_PrefabAsset: {fileID: 0}
  m_GameObject: {fileID: 0}
  m_Enabled: 1
  m_EditorHideFlags: 0
  m_Script: {fileID: 11500000, guid: 840a439e06374673a9115ed02deb5a54, type: 3}
  m_Name: UINode
  m_EditorClassIdentifier: 
  ErrorNodeNameIsEmpty: 0
  ErrorDuplicateNameFoundInGraph: 0
  m_inputSockets:
  - m_connectionMode: 1
    m_connections:
    - m_inputConnectionPoint: {x: -2, y: 4}
      m_outputConnectionPoint: {x: 202, y: 4}
      m_id: 78242ddb-9091-403a-b0df-a490d3e61b20
      m_inputNodeId: c3a7ac96-5a9a-4003-a54e-bc4da076788d
      m_inputSocketId: 76875a59-9fcb-4ceb-9af1-85c7c7ee4102
      m_outputNodeId: 9a94fe78-ff27-4f2d-bdf5-f7408383500c
      m_outputSocketId: a0abb984-3e7c-42a7-9962-7f73ad81b215
    m_connectionPoints:
    - {x: -2, y: 4}
    - {x: 202, y: 4}
    m_direction: 0
    m_canBeDeleted: 0
    m_canBeReordered: 0
    m_curveModifier: 0
    m_height: 24
    m_width: 216
    m_x: 0
    m_y: 38
    m_id: 76875a59-9fcb-4ceb-9af1-85c7c7ee4102
    m_nodeId: c3a7ac96-5a9a-4003-a54e-bc4da076788d
    m_socketName: InputSocket_0
    m_value: '{"ButtonCategory":"General","ButtonName":"Unnamed","GameEvent":"","TimeDelay":3.0,"Trigger":0}'
    m_valueTypeQualifiedName: Doozy.Engine.UI.Connections.UIConnection, Assembly-CSharp,
      Version=0.0.0.0, Culture=neutral, PublicKeyToken=null
  m_outputSockets:
  - m_connectionMode: 0
    m_connections:
    - m_inputConnectionPoint: {x: -2, y: 4}
      m_outputConnectionPoint: {x: 202, y: 4}
      m_id: 1265c1bd-52eb-4480-a501-69f57950b830
      m_inputNodeId: 7e1364b7-b4e0-4fb8-8cd7-2d5354cbad40
      m_inputSocketId: 3702539a-81cc-4b0b-b21e-9b2eabaec836
      m_outputNodeId: c3a7ac96-5a9a-4003-a54e-bc4da076788d
      m_outputSocketId: 3a230463-df60-4cfb-90f5-ca54fce42279
    m_connectionPoints:
    - {x: -2, y: 4}
    - {x: 202, y: 4}
    m_direction: 1
    m_canBeDeleted: 1
    m_canBeReordered: 1
    m_curveModifier: 0
    m_height: 24
    m_width: 216
    m_x: 0
    m_y: 62
    m_id: 3a230463-df60-4cfb-90f5-ca54fce42279
    m_nodeId: c3a7ac96-5a9a-4003-a54e-bc4da076788d
    m_socketName: OutputSocket_0
    m_value: '{"ButtonCategory":"General","ButtonName":"Back","GameEvent":"","TimeDelay":8.0,"Trigger":4}'
    m_valueTypeQualifiedName: Doozy.Engine.UI.Connections.UIConnection, Assembly-CSharp,
      Version=0.0.0.0, Culture=neutral, PublicKeyToken=null
  m_nodeType: 4
  m_allowDuplicateNodeName: 0
  m_allowEmptyNodeName: 0
  m_canBeDeleted: 1
  m_debugMode: 0
  m_useFixedUpdate: 0
  m_useLateUpdate: 0
  m_useUpdate: 1
  m_height: 128
  m_width: 216
  m_x: -300
  m_y: 48
  m_minimumInputSocketsCount: 1
  m_minimumOutputSocketsCount: 1
  m_graphId: 82f6bc80-827e-4fdd-bf06-79537837bc8c
  m_id: c3a7ac96-5a9a-4003-a54e-bc4da076788d
  m_name: Instrucciones
  m_notes: 
  m_onEnterShowViews:
  - Category: Instructions
    InstantAction: 0
    Name: MenuInstrucciones
  m_onEnterHideViews: []
  m_onExitShowViews: []
  m_onExitHideViews:
  - Category: Instructions
    InstantAction: 0
    Name: MenuInstrucciones
  - Category: MyMenu
    InstantAction: 0
    Name: MenuPrincipal
--- !u!114 &-527645985341902258
MonoBehaviour:
  m_ObjectHideFlags: 1
  m_CorrespondingSourceObject: {fileID: 0}
  m_PrefabInstance: {fileID: 0}
  m_PrefabAsset: {fileID: 0}
  m_GameObject: {fileID: 0}
  m_Enabled: 1
  m_EditorHideFlags: 0
  m_Script: {fileID: 11500000, guid: 840a439e06374673a9115ed02deb5a54, type: 3}
  m_Name: UINode
  m_EditorClassIdentifier: 
  ErrorNodeNameIsEmpty: 0
  ErrorDuplicateNameFoundInGraph: 0
  m_inputSockets:
  - m_connectionMode: 1
    m_connections:
    - m_inputConnectionPoint: {x: 202, y: 4}
      m_outputConnectionPoint: {x: -2, y: 4}
      m_id: 0254b8b3-b770-490e-adaa-4cbb0ac0ffee
      m_inputNodeId: 798fdce0-c362-4fe0-a635-493c9cd307d9
      m_inputSocketId: a1d59efb-d818-4709-8e6a-5a9180d095db
      m_outputNodeId: 34db769c-58d7-4460-979b-bea57723b602
      m_outputSocketId: 55e0654f-0565-42c7-aede-24830772af07
    m_connectionPoints:
    - {x: -2, y: 4}
    - {x: 202, y: 4}
    m_direction: 0
    m_canBeDeleted: 0
    m_canBeReordered: 0
    m_curveModifier: 0
    m_height: 24
    m_width: 216
    m_x: 0
    m_y: 38
    m_id: a1d59efb-d818-4709-8e6a-5a9180d095db
    m_nodeId: 798fdce0-c362-4fe0-a635-493c9cd307d9
    m_socketName: InputSocket_0
    m_value: '{"ButtonCategory":"General","ButtonName":"Unnamed","GameEvent":"","TimeDelay":3.0,"Trigger":0}'
    m_valueTypeQualifiedName: Doozy.Engine.UI.Connections.UIConnection, Assembly-CSharp,
      Version=0.0.0.0, Culture=neutral, PublicKeyToken=null
  m_outputSockets:
  - m_connectionMode: 0
    m_connections:
    - m_inputConnectionPoint: {x: -2, y: 4}
      m_outputConnectionPoint: {x: 202, y: 4}
      m_id: 1237de42-0907-4923-9bb4-807957f4e723
      m_inputNodeId: ce6b81e4-f365-4df3-b45a-03dcabd2a91b
      m_inputSocketId: 72d0f97e-320c-44c3-9908-302556444653
      m_outputNodeId: 798fdce0-c362-4fe0-a635-493c9cd307d9
      m_outputSocketId: 4528eab2-9812-46d0-937e-3c2c08d69df9
    m_connectionPoints:
    - {x: -2, y: 4}
    - {x: 202, y: 4}
    m_direction: 1
    m_canBeDeleted: 1
    m_canBeReordered: 1
    m_curveModifier: 0
    m_height: 24
    m_width: 216
    m_x: 0
    m_y: 62
    m_id: 4528eab2-9812-46d0-937e-3c2c08d69df9
    m_nodeId: 798fdce0-c362-4fe0-a635-493c9cd307d9
    m_socketName: OutputSocket_1
    m_value: '{"ButtonCategory":"Start","ButtonName":"Continue","GameEvent":"","TimeDelay":3.0,"Trigger":0}'
    m_valueTypeQualifiedName: Doozy.Engine.UI.Connections.UIConnection, Assembly-CSharp,
      Version=0.0.0.0, Culture=neutral, PublicKeyToken=null
  - m_connectionMode: 0
    m_connections:
    - m_inputConnectionPoint: {x: 202, y: 4}
      m_outputConnectionPoint: {x: -2, y: 4}
      m_id: 3709d782-b827-47f8-a483-6c6bdc533822
      m_inputNodeId: ba936ac4-ca9d-48d3-b785-0e6e10415214
      m_inputSocketId: 63f6c230-73e7-41cb-ae87-2e27465fee7b
      m_outputNodeId: 798fdce0-c362-4fe0-a635-493c9cd307d9
      m_outputSocketId: 7fcaf79a-85d4-4327-b075-46b0e4e67f7b
    m_connectionPoints:
    - {x: -2, y: 4}
    - {x: 202, y: 4}
    m_direction: 1
    m_canBeDeleted: 1
    m_canBeReordered: 1
    m_curveModifier: 0
    m_height: 24
    m_width: 216
    m_x: 0
    m_y: 86
    m_id: 7fcaf79a-85d4-4327-b075-46b0e4e67f7b
    m_nodeId: 798fdce0-c362-4fe0-a635-493c9cd307d9
    m_socketName: OutputSocket_2
    m_value: '{"ButtonCategory":"Start","ButtonName":"Exit","GameEvent":"","TimeDelay":3.0,"Trigger":0}'
    m_valueTypeQualifiedName: Doozy.Engine.UI.Connections.UIConnection, Assembly-CSharp,
      Version=0.0.0.0, Culture=neutral, PublicKeyToken=null
  - m_connectionMode: 0
    m_connections:
    - m_inputConnectionPoint: {x: -2, y: 4}
      m_outputConnectionPoint: {x: 202, y: 4}
      m_id: 14a28688-b94c-4be7-8613-5858bc7823d3
      m_inputNodeId: 34db769c-58d7-4460-979b-bea57723b602
      m_inputSocketId: 4ff3343a-ec14-4aaf-b57c-e87324299c51
      m_outputNodeId: 798fdce0-c362-4fe0-a635-493c9cd307d9
      m_outputSocketId: 3ef45e84-f3bb-4492-a6bc-bc83b4dbcbd9
    m_connectionPoints:
    - {x: -2, y: 4}
    - {x: 202, y: 4}
    m_direction: 1
    m_canBeDeleted: 1
    m_canBeReordered: 1
    m_curveModifier: 0
    m_height: 24
    m_width: 216
    m_x: 0
    m_y: 110
    m_id: 3ef45e84-f3bb-4492-a6bc-bc83b4dbcbd9
    m_nodeId: 798fdce0-c362-4fe0-a635-493c9cd307d9
    m_socketName: OutputSocket_3
    m_value: '{"ButtonCategory":"Start","ButtonName":"Instructions","GameEvent":"","TimeDelay":3.0,"Trigger":0}'
    m_valueTypeQualifiedName: Doozy.Engine.UI.Connections.UIConnection, Assembly-CSharp,
      Version=0.0.0.0, Culture=neutral, PublicKeyToken=null
  m_nodeType: 4
  m_allowDuplicateNodeName: 0
  m_allowEmptyNodeName: 0
  m_canBeDeleted: 1
  m_debugMode: 0
  m_useFixedUpdate: 0
  m_useLateUpdate: 0
  m_useUpdate: 0
  m_height: 176
  m_width: 216
  m_x: 144
  m_y: -480
  m_minimumInputSocketsCount: 1
  m_minimumOutputSocketsCount: 1
  m_graphId: 82f6bc80-827e-4fdd-bf06-79537837bc8c
  m_id: 798fdce0-c362-4fe0-a635-493c9cd307d9
  m_name: Pausa
  m_notes: 
  m_onEnterShowViews:
  - Category: Pausa
    InstantAction: 0
    Name: MenuStart
  m_onEnterHideViews: []
  m_onExitShowViews: []
  m_onExitHideViews:
  - Category: MyMenu
    InstantAction: 0
    Name: MenuPrincipal
  - Category: Pausa
    InstantAction: 0
    Name: MenuStart
--- !u!114 &-255332654107245935
MonoBehaviour:
  m_ObjectHideFlags: 1
  m_CorrespondingSourceObject: {fileID: 0}
  m_PrefabInstance: {fileID: 0}
  m_PrefabAsset: {fileID: 0}
  m_GameObject: {fileID: 0}
  m_Enabled: 1
  m_EditorHideFlags: 0
  m_Script: {fileID: 11500000, guid: eba53ad8b3a740d0a504ce84da9c5294, type: 3}
  m_Name: ActivateLoadedScenesNode
  m_EditorClassIdentifier: 
  ErrorNodeNameIsEmpty: 0
  ErrorDuplicateNameFoundInGraph: 0
  m_inputSockets:
  - m_connectionMode: 1
    m_connections:
    - m_inputConnectionPoint: {x: -2, y: 4}
      m_outputConnectionPoint: {x: 202, y: 4}
      m_id: c808920d-fc13-4094-95ad-89ae1f8b5472
      m_inputNodeId: 5e4bf38b-66e9-4f84-b8c8-4cd48b598d55
      m_inputSocketId: 8707acc4-75c7-4aa5-8d1b-38daec6651f1
      m_outputNodeId: 7e1364b7-b4e0-4fb8-8cd7-2d5354cbad40
      m_outputSocketId: 212e2f1d-6a5d-44a1-b913-a94d527b4393
    m_connectionPoints:
    - {x: -2, y: 4}
    - {x: 222, y: 4}
    m_direction: 0
    m_canBeDeleted: 0
    m_canBeReordered: 0
    m_curveModifier: 0
    m_height: 24
    m_width: 236
    m_x: 0
    m_y: 38
    m_id: 8707acc4-75c7-4aa5-8d1b-38daec6651f1
    m_nodeId: 5e4bf38b-66e9-4f84-b8c8-4cd48b598d55
    m_socketName: InputSocket_0
    m_value: '{}'
    m_valueTypeQualifiedName: Doozy.Engine.Nody.Connections.PassthroughConnection,
      Assembly-CSharp, Version=0.0.0.0, Culture=neutral, PublicKeyToken=null
  m_outputSockets:
  - m_connectionMode: 0
    m_connections:
    - m_inputConnectionPoint: {x: 202, y: 4}
      m_outputConnectionPoint: {x: 222, y: 4}
      m_id: b60bd99d-f44f-4821-bbcf-d2c8eaf6d881
      m_inputNodeId: e89f5195-d99b-4246-8a36-9bfc204230e4
      m_inputSocketId: b0999f96-565d-4aca-b45e-8251403d9453
      m_outputNodeId: 5e4bf38b-66e9-4f84-b8c8-4cd48b598d55
      m_outputSocketId: 65620326-b660-4e02-bb77-de471f482bde
    m_connectionPoints:
    - {x: -2, y: 4}
    - {x: 222, y: 4}
    m_direction: 1
    m_canBeDeleted: 0
    m_canBeReordered: 0
    m_curveModifier: 0
    m_height: 24
    m_width: 236
    m_x: 0
    m_y: 62
    m_id: 65620326-b660-4e02-bb77-de471f482bde
    m_nodeId: 5e4bf38b-66e9-4f84-b8c8-4cd48b598d55
    m_socketName: OutputSocket_0
    m_value: '{}'
    m_valueTypeQualifiedName: Doozy.Engine.Nody.Connections.PassthroughConnection,
      Assembly-CSharp, Version=0.0.0.0, Culture=neutral, PublicKeyToken=null
  m_nodeType: 4
  m_allowDuplicateNodeName: 0
  m_allowEmptyNodeName: 0
  m_canBeDeleted: 1
  m_debugMode: 0
  m_useFixedUpdate: 0
  m_useLateUpdate: 0
  m_useUpdate: 0
  m_height: 104
  m_width: 236
  m_x: 864
  m_y: 228
  m_minimumInputSocketsCount: 1
  m_minimumOutputSocketsCount: 1
  m_graphId: 82f6bc80-827e-4fdd-bf06-79537837bc8c
  m_id: 5e4bf38b-66e9-4f84-b8c8-4cd48b598d55
  m_name: Activate Loaded Scenes
  m_notes: 
--- !u!114 &-127584678194014240
MonoBehaviour:
  m_ObjectHideFlags: 1
  m_CorrespondingSourceObject: {fileID: 0}
  m_PrefabInstance: {fileID: 0}
  m_PrefabAsset: {fileID: 0}
  m_GameObject: {fileID: 0}
  m_Enabled: 1
  m_EditorHideFlags: 0
  m_Script: {fileID: 11500000, guid: 840a439e06374673a9115ed02deb5a54, type: 3}
  m_Name: UINode
  m_EditorClassIdentifier: 
  ErrorNodeNameIsEmpty: 0
  ErrorDuplicateNameFoundInGraph: 1
  m_inputSockets:
  - m_connectionMode: 1
    m_connections:
    - m_inputConnectionPoint: {x: 202, y: 4}
      m_outputConnectionPoint: {x: 222, y: 4}
      m_id: b60bd99d-f44f-4821-bbcf-d2c8eaf6d881
      m_inputNodeId: e89f5195-d99b-4246-8a36-9bfc204230e4
      m_inputSocketId: b0999f96-565d-4aca-b45e-8251403d9453
      m_outputNodeId: 5e4bf38b-66e9-4f84-b8c8-4cd48b598d55
      m_outputSocketId: 65620326-b660-4e02-bb77-de471f482bde
    m_connectionPoints:
    - {x: -2, y: 4}
    - {x: 202, y: 4}
    m_direction: 0
    m_canBeDeleted: 0
    m_canBeReordered: 0
    m_curveModifier: 0
    m_height: 24
    m_width: 216
    m_x: 0
    m_y: 38
    m_id: b0999f96-565d-4aca-b45e-8251403d9453
    m_nodeId: e89f5195-d99b-4246-8a36-9bfc204230e4
    m_socketName: InputSocket_0
    m_value: '{"ButtonCategory":"General","ButtonName":"Unnamed","GameEvent":"","TimeDelay":3.0,"Trigger":0}'
    m_valueTypeQualifiedName: Doozy.Engine.UI.Connections.UIConnection, Assembly-CSharp,
      Version=0.0.0.0, Culture=neutral, PublicKeyToken=null
  m_outputSockets:
  - m_connectionMode: 0
    m_connections: []
    m_connectionPoints:
    - {x: -2, y: 4}
    - {x: 202, y: 4}
    m_direction: 1
    m_canBeDeleted: 1
    m_canBeReordered: 1
    m_curveModifier: 0
    m_height: 24
    m_width: 216
    m_x: 0
    m_y: 62
    m_id: 2e596a6f-1685-4038-86bd-e5f7358e3444
    m_nodeId: e89f5195-d99b-4246-8a36-9bfc204230e4
    m_socketName: OutputSocket_0
    m_value: '{"ButtonCategory":"General","ButtonName":"Back","GameEvent":"","TimeDelay":3.0,"Trigger":0}'
    m_valueTypeQualifiedName: Doozy.Engine.UI.Connections.UIConnection, Assembly-CSharp,
      Version=0.0.0.0, Culture=neutral, PublicKeyToken=null
  m_nodeType: 4
  m_allowDuplicateNodeName: 0
  m_allowEmptyNodeName: 0
  m_canBeDeleted: 1
  m_debugMode: 0
  m_useFixedUpdate: 0
  m_useLateUpdate: 0
  m_useUpdate: 0
  m_height: 128
  m_width: 216
  m_x: 900
  m_y: 456
  m_minimumInputSocketsCount: 1
  m_minimumOutputSocketsCount: 1
  m_graphId: 82f6bc80-827e-4fdd-bf06-79537837bc8c
  m_id: e89f5195-d99b-4246-8a36-9bfc204230e4
  m_name: UI Node
  m_notes: 
  m_onEnterShowViews:
  - Category: Go Out
    InstantAction: 0
    Name: Go Out
  m_onEnterHideViews: []
  m_onExitShowViews: []
  m_onExitHideViews:
  - Category: Go Out
    InstantAction: 0
    Name: Go Out
  - Category: MyMenu
    InstantAction: 0
    Name: MenuPrincipal
--- !u!114 &11400000
MonoBehaviour:
  m_ObjectHideFlags: 0
  m_CorrespondingSourceObject: {fileID: 0}
  m_PrefabInstance: {fileID: 0}
  m_PrefabAsset: {fileID: 0}
  m_GameObject: {fileID: 0}
  m_Enabled: 1
  m_EditorHideFlags: 0
  m_Script: {fileID: 11500000, guid: e021c5c27274514469ad2992883d55db, type: 3}
  m_Name: Graph
  m_EditorClassIdentifier: 
  DebugMode: 0
  m_nodes:
  - {fileID: -3755638954505113372}
  - {fileID: -3969025791795908517}
  - {fileID: -5994231463172464424}
  - {fileID: 7283742067365314767}
  - {fileID: 4661982700275997159}
  - {fileID: 3040176124867763155}
  - {fileID: -2805573285839480576}
  - {fileID: -255332654107245935}
  - {fileID: -5192146968059394216}
  - {fileID: 476104534944869452}
  - {fileID: 8717089017218286866}
  - {fileID: -527645985341902258}
  - {fileID: 6531967958095096051}
  - {fileID: 4045061993796792677}
  - {fileID: 8226289581702453724}
  - {fileID: -127584678194014240}
  - {fileID: 8867004513556201996}
  m_isSubGraph: 0
  m_version: 1
  m_description: 
  m_id: 82f6bc80-827e-4fdd-bf06-79537837bc8c
  m_lastModified: 132494527946974461
--- !u!114 &476104534944869452
MonoBehaviour:
  m_ObjectHideFlags: 1
  m_CorrespondingSourceObject: {fileID: 0}
  m_PrefabInstance: {fileID: 0}
  m_PrefabAsset: {fileID: 0}
  m_GameObject: {fileID: 0}
  m_Enabled: 1
  m_EditorHideFlags: 0
  m_Script: {fileID: 11500000, guid: ea82279f292f4f6ebe47212017fa5f89, type: 3}
  m_Name: LoadSceneNode
  m_EditorClassIdentifier: 
  ErrorNodeNameIsEmpty: 0
  ErrorDuplicateNameFoundInGraph: 0
  m_inputSockets:
  - m_connectionMode: 1
    m_connections:
    - m_inputConnectionPoint: {x: -2, y: 4}
      m_outputConnectionPoint: {x: 202, y: 4}
      m_id: 1265c1bd-52eb-4480-a501-69f57950b830
      m_inputNodeId: 7e1364b7-b4e0-4fb8-8cd7-2d5354cbad40
      m_inputSocketId: 3702539a-81cc-4b0b-b21e-9b2eabaec836
      m_outputNodeId: c3a7ac96-5a9a-4003-a54e-bc4da076788d
      m_outputSocketId: 3a230463-df60-4cfb-90f5-ca54fce42279
    m_connectionPoints:
    - {x: -2, y: 4}
    - {x: 202, y: 4}
    m_direction: 0
    m_canBeDeleted: 0
    m_canBeReordered: 0
    m_curveModifier: 0
    m_height: 24
    m_width: 216
    m_x: 0
    m_y: 38
    m_id: 3702539a-81cc-4b0b-b21e-9b2eabaec836
    m_nodeId: 7e1364b7-b4e0-4fb8-8cd7-2d5354cbad40
    m_socketName: InputSocket_0
    m_value: '{}'
    m_valueTypeQualifiedName: Doozy.Engine.Nody.Connections.PassthroughConnection,
      Assembly-CSharp, Version=0.0.0.0, Culture=neutral, PublicKeyToken=null
  m_outputSockets:
  - m_connectionMode: 0
    m_connections:
    - m_inputConnectionPoint: {x: -2, y: 4}
      m_outputConnectionPoint: {x: 202, y: 4}
      m_id: c808920d-fc13-4094-95ad-89ae1f8b5472
      m_inputNodeId: 5e4bf38b-66e9-4f84-b8c8-4cd48b598d55
      m_inputSocketId: 8707acc4-75c7-4aa5-8d1b-38daec6651f1
      m_outputNodeId: 7e1364b7-b4e0-4fb8-8cd7-2d5354cbad40
      m_outputSocketId: 212e2f1d-6a5d-44a1-b913-a94d527b4393
    m_connectionPoints:
    - {x: -2, y: 4}
    - {x: 202, y: 4}
    m_direction: 1
    m_canBeDeleted: 0
    m_canBeReordered: 0
    m_curveModifier: 0
    m_height: 24
    m_width: 216
    m_x: 0
    m_y: 62
    m_id: 212e2f1d-6a5d-44a1-b913-a94d527b4393
    m_nodeId: 7e1364b7-b4e0-4fb8-8cd7-2d5354cbad40
    m_socketName: OutputSocket_0
    m_value: '{}'
    m_valueTypeQualifiedName: Doozy.Engine.Nody.Connections.PassthroughConnection,
      Assembly-CSharp, Version=0.0.0.0, Culture=neutral, PublicKeyToken=null
  m_nodeType: 4
  m_allowDuplicateNodeName: 0
  m_allowEmptyNodeName: 0
  m_canBeDeleted: 1
  m_debugMode: 0
  m_useFixedUpdate: 0
  m_useLateUpdate: 0
  m_useUpdate: 0
  m_height: 192
  m_width: 216
  m_x: 468
  m_y: 180
  m_minimumInputSocketsCount: 1
  m_minimumOutputSocketsCount: 1
  m_graphId: 82f6bc80-827e-4fdd-bf06-79537837bc8c
  m_id: 7e1364b7-b4e0-4fb8-8cd7-2d5354cbad40
  m_name: Load Scene
  m_notes: 
  ErrorNoSceneName: 0
  ErrorBadBuildIndex: 0
  GetSceneBy: 1
  LoadSceneMode: 0
  AllowSceneActivation: 1
  SceneActivationDelay: 0.2
  SceneBuildIndex: 1
  SceneName: Master
--- !u!114 &3040176124867763155
MonoBehaviour:
  m_ObjectHideFlags: 1
  m_CorrespondingSourceObject: {fileID: 0}
  m_PrefabInstance: {fileID: 0}
  m_PrefabAsset: {fileID: 0}
  m_GameObject: {fileID: 0}
  m_Enabled: 1
  m_EditorHideFlags: 0
  m_Script: {fileID: 11500000, guid: 840a439e06374673a9115ed02deb5a54, type: 3}
  m_Name: UINode
  m_EditorClassIdentifier: 
  ErrorNodeNameIsEmpty: 0
  ErrorDuplicateNameFoundInGraph: 0
  m_inputSockets:
  - m_connectionMode: 1
    m_connections:
    - m_inputConnectionPoint: {x: 202, y: 4}
      m_outputConnectionPoint: {x: -2, y: 4}
      m_id: 3709d782-b827-47f8-a483-6c6bdc533822
      m_inputNodeId: ba936ac4-ca9d-48d3-b785-0e6e10415214
      m_inputSocketId: 63f6c230-73e7-41cb-ae87-2e27465fee7b
      m_outputNodeId: 798fdce0-c362-4fe0-a635-493c9cd307d9
      m_outputSocketId: 7fcaf79a-85d4-4327-b075-46b0e4e67f7b
    - m_inputConnectionPoint: {x: 202, y: 4}
      m_outputConnectionPoint: {x: 202, y: 4}
      m_id: 1506e33a-548d-4049-97ac-a3d898864323
      m_inputNodeId: ba936ac4-ca9d-48d3-b785-0e6e10415214
      m_inputSocketId: 63f6c230-73e7-41cb-ae87-2e27465fee7b
      m_outputNodeId: 9a94fe78-ff27-4f2d-bdf5-f7408383500c
      m_outputSocketId: 22f41853-ed8d-4ffd-8ec8-04962db64852
    m_connectionPoints:
    - {x: -2, y: 4}
    - {x: 202, y: 4}
    m_direction: 0
    m_canBeDeleted: 0
    m_canBeReordered: 0
    m_curveModifier: 0
    m_height: 24
    m_width: 216
    m_x: 0
    m_y: 38
    m_id: 63f6c230-73e7-41cb-ae87-2e27465fee7b
    m_nodeId: ba936ac4-ca9d-48d3-b785-0e6e10415214
    m_socketName: InputSocket_0
    m_value: '{"ButtonCategory":"General","ButtonName":"Unnamed","GameEvent":"","TimeDelay":3.0,"Trigger":0}'
    m_valueTypeQualifiedName: Doozy.Engine.UI.Connections.UIConnection, Assembly-CSharp,
      Version=0.0.0.0, Culture=neutral, PublicKeyToken=null
  m_outputSockets:
  - m_connectionMode: 0
    m_connections:
    - m_inputConnectionPoint: {x: 166, y: 4}
      m_outputConnectionPoint: {x: 202, y: 4}
      m_id: ee0ba3d6-1f60-4e75-8328-d0437ea64aef
      m_inputNodeId: 39cb319e-8de5-40da-a2d4-91a753866ddf
      m_inputSocketId: 5beadfbc-445c-4a2d-bbe2-92533078d2a8
      m_outputNodeId: ba936ac4-ca9d-48d3-b785-0e6e10415214
      m_outputSocketId: 3fc19908-ca1f-4ddb-ac4c-284a663f98ec
    m_connectionPoints:
    - {x: -2, y: 4}
    - {x: 202, y: 4}
    m_direction: 1
    m_canBeDeleted: 1
    m_canBeReordered: 1
    m_curveModifier: 0
    m_height: 24
    m_width: 216
    m_x: 0
    m_y: 62
    m_id: 3fc19908-ca1f-4ddb-ac4c-284a663f98ec
    m_nodeId: ba936ac4-ca9d-48d3-b785-0e6e10415214
    m_socketName: OutputSocket_0
    m_value: '{"ButtonCategory":"General","ButtonName":"Back","GameEvent":"","TimeDelay":1.7000000476837159,"Trigger":4}'
    m_valueTypeQualifiedName: Doozy.Engine.UI.Connections.UIConnection, Assembly-CSharp,
      Version=0.0.0.0, Culture=neutral, PublicKeyToken=null
  m_nodeType: 4
  m_allowDuplicateNodeName: 0
  m_allowEmptyNodeName: 0
  m_canBeDeleted: 1
  m_debugMode: 0
  m_useFixedUpdate: 0
  m_useLateUpdate: 0
  m_useUpdate: 1
  m_height: 128
  m_width: 216
  m_x: -600
  m_y: 276
  m_minimumInputSocketsCount: 1
  m_minimumOutputSocketsCount: 1
  m_graphId: 82f6bc80-827e-4fdd-bf06-79537837bc8c
  m_id: ba936ac4-ca9d-48d3-b785-0e6e10415214
  m_name: Salida
  m_notes: 
  m_onEnterShowViews: []
  m_onEnterHideViews: []
  m_onExitShowViews: []
  m_onExitHideViews: []
--- !u!114 &4045061993796792677
MonoBehaviour:
  m_ObjectHideFlags: 1
  m_CorrespondingSourceObject: {fileID: 0}
  m_PrefabInstance: {fileID: 0}
  m_PrefabAsset: {fileID: 0}
  m_GameObject: {fileID: 0}
  m_Enabled: 1
  m_EditorHideFlags: 0
  m_Script: {fileID: 11500000, guid: a5e9dea52ce4492991c3ba5799370999, type: 3}
  m_Name: UnloadSceneNode
  m_EditorClassIdentifier: 
  ErrorNodeNameIsEmpty: 0
  ErrorDuplicateNameFoundInGraph: 0
  m_inputSockets:
  - m_connectionMode: 1
    m_connections: []
    m_connectionPoints:
    - {x: -2, y: 4}
    - {x: 202, y: 4}
    m_direction: 0
    m_canBeDeleted: 0
    m_canBeReordered: 0
    m_curveModifier: 0
    m_height: 24
    m_width: 216
    m_x: 0
    m_y: 38
    m_id: 775c5733-6e0e-4b27-b52c-f7463ff0195c
    m_nodeId: 51d4fdc7-1ff2-4061-8114-659791458cae
    m_socketName: InputSocket_0
    m_value: '{}'
    m_valueTypeQualifiedName: Doozy.Engine.Nody.Connections.PassthroughConnection,
      Assembly-CSharp, Version=0.0.0.0, Culture=neutral, PublicKeyToken=null
  m_outputSockets:
  - m_connectionMode: 0
    m_connections: []
    m_connectionPoints:
    - {x: -2, y: 4}
    - {x: 202, y: 4}
    m_direction: 1
    m_canBeDeleted: 0
    m_canBeReordered: 0
    m_curveModifier: 0
    m_height: 24
    m_width: 216
    m_x: 0
    m_y: 62
    m_id: 4b436c12-cb23-479a-9eff-12231369b4d4
    m_nodeId: 51d4fdc7-1ff2-4061-8114-659791458cae
    m_socketName: OutputSocket_0
    m_value: '{}'
    m_valueTypeQualifiedName: Doozy.Engine.Nody.Connections.PassthroughConnection,
      Assembly-CSharp, Version=0.0.0.0, Culture=neutral, PublicKeyToken=null
  m_nodeType: 4
  m_allowDuplicateNodeName: 0
  m_allowEmptyNodeName: 0
  m_canBeDeleted: 1
  m_debugMode: 0
  m_useFixedUpdate: 0
  m_useLateUpdate: 0
  m_useUpdate: 0
  m_height: 156
  m_width: 216
  m_x: 888
  m_y: 24
  m_minimumInputSocketsCount: 1
  m_minimumOutputSocketsCount: 1
  m_graphId: 82f6bc80-827e-4fdd-bf06-79537837bc8c
  m_id: 51d4fdc7-1ff2-4061-8114-659791458cae
  m_name: Unload Scene
  m_notes: 
  ErrorNoSceneName: 0
  ErrorBadBuildIndex: 0
  GetSceneBy: 1
  SceneBuildIndex: 0
  SceneName: 
  WaitForSceneToUnload: 1
--- !u!114 &4661982700275997159
MonoBehaviour:
  m_ObjectHideFlags: 1
  m_CorrespondingSourceObject: {fileID: 0}
  m_PrefabInstance: {fileID: 0}
  m_PrefabAsset: {fileID: 0}
  m_GameObject: {fileID: 0}
  m_Enabled: 1
  m_EditorHideFlags: 0
  m_Script: {fileID: 11500000, guid: 840a439e06374673a9115ed02deb5a54, type: 3}
  m_Name: UINode
  m_EditorClassIdentifier: 
  ErrorNodeNameIsEmpty: 0
  ErrorDuplicateNameFoundInGraph: 0
  m_inputSockets:
  - m_connectionMode: 1
    m_connections:
    - m_inputConnectionPoint: {x: -2, y: 4}
      m_outputConnectionPoint: {x: 202, y: 4}
      m_id: fd926892-5435-4c27-9e27-c42a0950346f
      m_inputNodeId: 71e04f5c-9057-4195-913c-ff74528ec527
      m_inputSocketId: 2d87769a-3609-4085-88b7-58cfd633680f
      m_outputNodeId: 9a94fe78-ff27-4f2d-bdf5-f7408383500c
      m_outputSocketId: 02cb5fce-b651-48f5-a42b-2a4fa38ea926
    m_connectionPoints:
    - {x: -2, y: 4}
    - {x: 202, y: 4}
    m_direction: 0
    m_canBeDeleted: 0
    m_canBeReordered: 0
    m_curveModifier: 0
    m_height: 24
    m_width: 216
    m_x: 0
    m_y: 38
    m_id: 2d87769a-3609-4085-88b7-58cfd633680f
    m_nodeId: 71e04f5c-9057-4195-913c-ff74528ec527
    m_socketName: InputSocket_0
    m_value: '{"ButtonCategory":"General","ButtonName":"Unnamed","GameEvent":"","TimeDelay":3.0,"Trigger":0}'
    m_valueTypeQualifiedName: Doozy.Engine.UI.Connections.UIConnection, Assembly-CSharp,
      Version=0.0.0.0, Culture=neutral, PublicKeyToken=null
  m_outputSockets:
  - m_connectionMode: 0
    m_connections:
    - m_inputConnectionPoint: {x: -2, y: 4}
      m_outputConnectionPoint: {x: 202, y: 4}
      m_id: d51fa6e5-9bb4-4d4a-90d6-98411f726f2e
      m_inputNodeId: ec2ef817-a389-4958-b298-50f40ecbd7e7
      m_inputSocketId: 52024981-4649-4a4e-a640-2b0383d4f0a4
      m_outputNodeId: 71e04f5c-9057-4195-913c-ff74528ec527
      m_outputSocketId: f71498eb-028a-47c4-8349-53e302d419e4
    m_connectionPoints:
    - {x: -2, y: 4}
    - {x: 202, y: 4}
    m_direction: 1
    m_canBeDeleted: 1
    m_canBeReordered: 1
    m_curveModifier: 0
    m_height: 24
    m_width: 216
    m_x: 0
    m_y: 62
    m_id: f71498eb-028a-47c4-8349-53e302d419e4
    m_nodeId: 71e04f5c-9057-4195-913c-ff74528ec527
    m_socketName: OutputSocket_0
    m_value: '{"ButtonCategory":"Creditos1","ButtonName":"Next","GameEvent":"","TimeDelay":10.0,"Trigger":0}'
    m_valueTypeQualifiedName: Doozy.Engine.UI.Connections.UIConnection, Assembly-CSharp,
      Version=0.0.0.0, Culture=neutral, PublicKeyToken=null
  m_nodeType: 4
  m_allowDuplicateNodeName: 0
  m_allowEmptyNodeName: 0
  m_canBeDeleted: 1
  m_debugMode: 0
  m_useFixedUpdate: 0
  m_useLateUpdate: 0
  m_useUpdate: 0
  m_height: 128
  m_width: 216
  m_x: -264
  m_y: 312
  m_minimumInputSocketsCount: 1
  m_minimumOutputSocketsCount: 1
  m_graphId: 82f6bc80-827e-4fdd-bf06-79537837bc8c
  m_id: 71e04f5c-9057-4195-913c-ff74528ec527
  m_name: Creditos1
  m_notes: 
  m_onEnterShowViews:
  - Category: Creditos
    InstantAction: 0
    Name: MenuCreditos
  m_onEnterHideViews: []
  m_onExitShowViews: []
  m_onExitHideViews:
  - Category: MyMenu
    InstantAction: 0
    Name: MenuPrincipal
--- !u!114 &4842691045137895720
MonoBehaviour:
  m_ObjectHideFlags: 1
  m_CorrespondingSourceObject: {fileID: 0}
  m_PrefabInstance: {fileID: 0}
  m_PrefabAsset: {fileID: 0}
  m_GameObject: {fileID: 0}
  m_Enabled: 1
  m_EditorHideFlags: 0
  m_Script: {fileID: 11500000, guid: bd1cae8f478440ec81883a1fcedcb279, type: 3}
  m_Name: SoundNode
  m_EditorClassIdentifier: 
  ErrorNodeNameIsEmpty: 0
  ErrorDuplicateNameFoundInGraph: 0
  m_inputSockets:
  - m_connectionMode: 1
    m_connections: []
    m_connectionPoints:
    - {x: -2, y: 4}
    - {x: 202, y: 4}
    m_direction: 0
    m_canBeDeleted: 0
    m_canBeReordered: 0
    m_curveModifier: 0
    m_height: 24
    m_width: 216
    m_x: 0
    m_y: 38
    m_id: a12142fd-a621-4787-b371-7149a526d066
    m_nodeId: 30617248-e83d-4a11-9485-6d8eed58b797
    m_socketName: InputSocket_0
    m_value: '{}'
    m_valueTypeQualifiedName: Doozy.Engine.Nody.Connections.PassthroughConnection,
      Assembly-CSharp, Version=0.0.0.0, Culture=neutral, PublicKeyToken=null
  m_outputSockets:
  - m_connectionMode: 0
    m_connections:
    - m_inputConnectionPoint: {x: 202, y: 4}
      m_outputConnectionPoint: {x: -2, y: 4}
      m_id: 50d3f4e1-7ddd-40c3-82b5-2b7d186f2db4
      m_inputNodeId: b3f52e5b-53c2-44ed-a4bc-5e108def4a2f
      m_inputSocketId: a786400b-1f45-446b-a399-58d12de7e8cc
      m_outputNodeId: 30617248-e83d-4a11-9485-6d8eed58b797
      m_outputSocketId: a42ab791-9f5a-4d56-b449-496de427c61c
    m_connectionPoints:
    - {x: -2, y: 4}
    - {x: 202, y: 4}
    m_direction: 1
    m_canBeDeleted: 0
    m_canBeReordered: 0
    m_curveModifier: 0
    m_height: 24
    m_width: 216
    m_x: 0
    m_y: 62
    m_id: a42ab791-9f5a-4d56-b449-496de427c61c
    m_nodeId: 30617248-e83d-4a11-9485-6d8eed58b797
    m_socketName: OutputSocket_0
    m_value: '{}'
    m_valueTypeQualifiedName: Doozy.Engine.Nody.Connections.PassthroughConnection,
      Assembly-CSharp, Version=0.0.0.0, Culture=neutral, PublicKeyToken=null
  m_nodeType: 4
  m_allowDuplicateNodeName: 1
  m_allowEmptyNodeName: 0
  m_canBeDeleted: 1
  m_debugMode: 0
  m_useFixedUpdate: 0
  m_useLateUpdate: 0
  m_useUpdate: 0
  m_height: 178
  m_width: 216
  m_x: -372
  m_y: -204
  m_minimumInputSocketsCount: 1
  m_minimumOutputSocketsCount: 1
  m_graphId: 82f6bc80-827e-4fdd-bf06-79537837bc8c
  m_id: 30617248-e83d-4a11-9485-6d8eed58b797
  m_name: Sound Node
  m_notes: 
  ErrorPlayActionHasNoSound: 1
  SoundData:
    SoundSource: 0
    DatabaseName: General
    SoundName: No Sound
    AudioClip: {fileID: 0}
    OutputAudioMixerGroup: {fileID: 0}
  SoundAction: 0
--- !u!114 &6531967958095096051
MonoBehaviour:
  m_ObjectHideFlags: 1
  m_CorrespondingSourceObject: {fileID: 0}
  m_PrefabInstance: {fileID: 0}
  m_PrefabAsset: {fileID: 0}
  m_GameObject: {fileID: 0}
  m_Enabled: 1
  m_EditorHideFlags: 0
  m_Script: {fileID: 11500000, guid: 840a439e06374673a9115ed02deb5a54, type: 3}
  m_Name: UINode
  m_EditorClassIdentifier: 
  ErrorNodeNameIsEmpty: 0
  ErrorDuplicateNameFoundInGraph: 0
  m_inputSockets:
  - m_connectionMode: 1
    m_connections:
    - m_inputConnectionPoint: {x: -2, y: 4}
      m_outputConnectionPoint: {x: 202, y: 4}
      m_id: 14a28688-b94c-4be7-8613-5858bc7823d3
      m_inputNodeId: 34db769c-58d7-4460-979b-bea57723b602
      m_inputSocketId: 4ff3343a-ec14-4aaf-b57c-e87324299c51
      m_outputNodeId: 798fdce0-c362-4fe0-a635-493c9cd307d9
      m_outputSocketId: 3ef45e84-f3bb-4492-a6bc-bc83b4dbcbd9
    m_connectionPoints:
    - {x: -2, y: 4}
    - {x: 202, y: 4}
    m_direction: 0
    m_canBeDeleted: 0
    m_canBeReordered: 0
    m_curveModifier: 0
    m_height: 24
    m_width: 216
    m_x: 0
    m_y: 38
    m_id: 4ff3343a-ec14-4aaf-b57c-e87324299c51
    m_nodeId: 34db769c-58d7-4460-979b-bea57723b602
    m_socketName: InputSocket_0
    m_value: '{"ButtonCategory":"General","ButtonName":"Unnamed","GameEvent":"","TimeDelay":3.0,"Trigger":0}'
    m_valueTypeQualifiedName: Doozy.Engine.UI.Connections.UIConnection, Assembly-CSharp,
      Version=0.0.0.0, Culture=neutral, PublicKeyToken=null
  m_outputSockets:
  - m_connectionMode: 0
    m_connections:
    - m_inputConnectionPoint: {x: 202, y: 4}
      m_outputConnectionPoint: {x: -2, y: 4}
      m_id: 0254b8b3-b770-490e-adaa-4cbb0ac0ffee
      m_inputNodeId: 798fdce0-c362-4fe0-a635-493c9cd307d9
      m_inputSocketId: a1d59efb-d818-4709-8e6a-5a9180d095db
      m_outputNodeId: 34db769c-58d7-4460-979b-bea57723b602
      m_outputSocketId: 55e0654f-0565-42c7-aede-24830772af07
    m_connectionPoints:
    - {x: -2, y: 4}
    - {x: 202, y: 4}
    m_direction: 1
    m_canBeDeleted: 1
    m_canBeReordered: 1
    m_curveModifier: 0
    m_height: 24
    m_width: 216
    m_x: 0
    m_y: 62
    m_id: 55e0654f-0565-42c7-aede-24830772af07
    m_nodeId: 34db769c-58d7-4460-979b-bea57723b602
    m_socketName: OutputSocket_0
    m_value: '{"ButtonCategory":"Instructions","ButtonName":"Back","GameEvent":"","TimeDelay":3.0,"Trigger":0}'
    m_valueTypeQualifiedName: Doozy.Engine.UI.Connections.UIConnection, Assembly-CSharp,
      Version=0.0.0.0, Culture=neutral, PublicKeyToken=null
  m_nodeType: 4
  m_allowDuplicateNodeName: 0
  m_allowEmptyNodeName: 0
  m_canBeDeleted: 1
  m_debugMode: 0
  m_useFixedUpdate: 0
  m_useLateUpdate: 0
  m_useUpdate: 0
  m_height: 128
  m_width: 216
  m_x: 432
  m_y: -408
  m_minimumInputSocketsCount: 1
  m_minimumOutputSocketsCount: 1
  m_graphId: 82f6bc80-827e-4fdd-bf06-79537837bc8c
  m_id: 34db769c-58d7-4460-979b-bea57723b602
  m_name: Instruccciones2
  m_notes: 
  m_onEnterShowViews:
  - Category: Instructions
    InstantAction: 0
    Name: MenuInstrucciones2
  m_onEnterHideViews: []
  m_onExitShowViews: []
  m_onExitHideViews:
  - Category: Instructions
    InstantAction: 0
    Name: MenuInstrucciones2
  - Category: Pausa
    InstantAction: 0
    Name: MenuStart
--- !u!114 &7283742067365314767
MonoBehaviour:
  m_ObjectHideFlags: 1
  m_CorrespondingSourceObject: {fileID: 0}
  m_PrefabInstance: {fileID: 0}
  m_PrefabAsset: {fileID: 0}
  m_GameObject: {fileID: 0}
  m_Enabled: 1
  m_EditorHideFlags: 0
  m_Script: {fileID: 11500000, guid: 306e3ee67fc748fca180c1c6b99061ab, type: 3}
  m_Name: ApplicationQuitNode
  m_EditorClassIdentifier: 
  ErrorNodeNameIsEmpty: 0
  ErrorDuplicateNameFoundInGraph: 0
  m_inputSockets:
  - m_connectionMode: 1
    m_connections:
    - m_inputConnectionPoint: {x: 166, y: 4}
      m_outputConnectionPoint: {x: 202, y: 4}
      m_id: ee0ba3d6-1f60-4e75-8328-d0437ea64aef
      m_inputNodeId: 39cb319e-8de5-40da-a2d4-91a753866ddf
      m_inputSocketId: 5beadfbc-445c-4a2d-bbe2-92533078d2a8
      m_outputNodeId: ba936ac4-ca9d-48d3-b785-0e6e10415214
      m_outputSocketId: 3fc19908-ca1f-4ddb-ac4c-284a663f98ec
    m_connectionPoints:
    - {x: -2, y: 4}
    - {x: 166, y: 4}
    m_direction: 0
    m_canBeDeleted: 0
    m_canBeReordered: 0
    m_curveModifier: 0
    m_height: 24
    m_width: 180
    m_x: 0
    m_y: 38
    m_id: 5beadfbc-445c-4a2d-bbe2-92533078d2a8
    m_nodeId: 39cb319e-8de5-40da-a2d4-91a753866ddf
    m_socketName: InputSocket_0
    m_value: '{}'
    m_valueTypeQualifiedName: Doozy.Engine.Nody.Connections.PassthroughConnection,
      Assembly-CSharp, Version=0.0.0.0, Culture=neutral, PublicKeyToken=null
  m_outputSockets: []
  m_nodeType: 4
  m_allowDuplicateNodeName: 0
  m_allowEmptyNodeName: 0
  m_canBeDeleted: 1
  m_debugMode: 0
  m_useFixedUpdate: 0
  m_useLateUpdate: 0
  m_useUpdate: 0
  m_height: 80
  m_width: 180
  m_x: -576
  m_y: 420
  m_minimumInputSocketsCount: 1
  m_minimumOutputSocketsCount: 1
  m_graphId: 82f6bc80-827e-4fdd-bf06-79537837bc8c
  m_id: 39cb319e-8de5-40da-a2d4-91a753866ddf
  m_name: Application Quit
  m_notes: 
--- !u!114 &8226289581702453724
MonoBehaviour:
  m_ObjectHideFlags: 1
  m_CorrespondingSourceObject: {fileID: 0}
  m_PrefabInstance: {fileID: 0}
  m_PrefabAsset: {fileID: 0}
  m_GameObject: {fileID: 0}
  m_Enabled: 1
  m_EditorHideFlags: 0
  m_Script: {fileID: 11500000, guid: 49838f034688f144f945024b91856c5d, type: 3}
  m_Name: SubGraphNode
  m_EditorClassIdentifier: 
  ErrorNodeNameIsEmpty: 0
  ErrorDuplicateNameFoundInGraph: 0
  m_inputSockets:
  - m_connectionMode: 1
    m_connections: []
    m_connectionPoints:
    - {x: -2, y: 4}
    - {x: 202, y: 4}
    m_direction: 0
    m_canBeDeleted: 0
    m_canBeReordered: 0
    m_curveModifier: 0
    m_height: 24
    m_width: 216
    m_x: 0
    m_y: 38
    m_id: f9bf7c78-b62c-4462-8682-ea93bf0e8120
    m_nodeId: 1b689783-f4f3-4b47-8eda-89648220f101
    m_socketName: InputSocket_0
    m_value: '{}'
    m_valueTypeQualifiedName: Doozy.Engine.Nody.Connections.PassthroughConnection,
      Assembly-CSharp, Version=0.0.0.0, Culture=neutral, PublicKeyToken=null
  m_outputSockets:
  - m_connectionMode: 0
    m_connections: []
    m_connectionPoints:
    - {x: -2, y: 4}
    - {x: 202, y: 4}
    m_direction: 1
    m_canBeDeleted: 0
    m_canBeReordered: 0
    m_curveModifier: 0
    m_height: 24
    m_width: 216
    m_x: 0
    m_y: 62
    m_id: 35319591-da25-4dec-b41a-bff132a89405
    m_nodeId: 1b689783-f4f3-4b47-8eda-89648220f101
    m_socketName: OutputSocket_0
    m_value: '{}'
    m_valueTypeQualifiedName: Doozy.Engine.Nody.Connections.PassthroughConnection,
      Assembly-CSharp, Version=0.0.0.0, Culture=neutral, PublicKeyToken=null
  m_nodeType: 3
  m_allowDuplicateNodeName: 0
  m_allowEmptyNodeName: 0
  m_canBeDeleted: 1
  m_debugMode: 0
  m_useFixedUpdate: 0
  m_useLateUpdate: 0
  m_useUpdate: 0
  m_height: 148
  m_width: 216
  m_x: 684
  m_y: -276
  m_minimumInputSocketsCount: 1
  m_minimumOutputSocketsCount: 1
  m_graphId: 82f6bc80-827e-4fdd-bf06-79537837bc8c
  m_id: 1b689783-f4f3-4b47-8eda-89648220f101
  m_name: SubGraph
  m_notes: 
  m_subGraph: {fileID: 11400000, guid: 3b7ad7069e2b30545afc4b5bbfa7f195, type: 2}
  ErrorNoGraphReferenced: 0
  ErrorReferencedGraphIsNotSubGraph: 0
--- !u!114 &8717089017218286866
MonoBehaviour:
  m_ObjectHideFlags: 1
  m_CorrespondingSourceObject: {fileID: 0}
  m_PrefabInstance: {fileID: 0}
  m_PrefabAsset: {fileID: 0}
  m_GameObject: {fileID: 0}
  m_Enabled: 1
  m_EditorHideFlags: 0
  m_Script: {fileID: 11500000, guid: 840a439e06374673a9115ed02deb5a54, type: 3}
  m_Name: UINode
  m_EditorClassIdentifier: 
  ErrorNodeNameIsEmpty: 0
  ErrorDuplicateNameFoundInGraph: 0
  m_inputSockets:
  - m_connectionMode: 1
    m_connections: []
    m_connectionPoints:
    - {x: -2, y: 4}
    - {x: 202, y: 4}
    m_direction: 0
    m_canBeDeleted: 0
    m_canBeReordered: 0
    m_curveModifier: 0
    m_height: 24
    m_width: 216
    m_x: 0
    m_y: 38
    m_id: 6b2dc0a2-524b-4657-ad29-d3634a4d85c8
    m_nodeId: 5e6b8344-4e30-467c-9ad9-84ab8009fddd
    m_socketName: InputSocket_0
    m_value: '{"ButtonCategory":"General","ButtonName":"Unnamed","GameEvent":"","TimeDelay":3.0,"Trigger":0}'
    m_valueTypeQualifiedName: Doozy.Engine.UI.Connections.UIConnection, Assembly-CSharp,
      Version=0.0.0.0, Culture=neutral, PublicKeyToken=null
  m_outputSockets:
  - m_connectionMode: 0
    m_connections: []
    m_connectionPoints:
    - {x: -2, y: 4}
    - {x: 202, y: 4}
    m_direction: 1
    m_canBeDeleted: 1
    m_canBeReordered: 1
    m_curveModifier: 0
    m_height: 24
    m_width: 216
    m_x: 0
    m_y: 62
    m_id: 9d157f0b-11a2-4635-a280-efb671a0a0a0
    m_nodeId: 5e6b8344-4e30-467c-9ad9-84ab8009fddd
    m_socketName: OutputSocket_0
    m_value: '{"ButtonCategory":"DieScreen","ButtonName":"PlayAgain","GameEvent":"","TimeDelay":3.0,"Trigger":0}'
    m_valueTypeQualifiedName: Doozy.Engine.UI.Connections.UIConnection, Assembly-CSharp,
      Version=0.0.0.0, Culture=neutral, PublicKeyToken=null
  - m_connectionMode: 0
    m_connections:
    - m_inputConnectionPoint: {x: 202, y: 4}
      m_outputConnectionPoint: {x: -2, y: 4}
      m_id: 6fc909eb-efab-4802-a4d7-0e5fdd5afd2c
      m_inputNodeId: 9a94fe78-ff27-4f2d-bdf5-f7408383500c
      m_inputSocketId: c175b1bd-b405-421a-b14c-e6eda482740d
      m_outputNodeId: 5e6b8344-4e30-467c-9ad9-84ab8009fddd
      m_outputSocketId: af53f679-010c-4ae2-b070-9b52b3ade4ff
    m_connectionPoints:
    - {x: -2, y: 4}
    - {x: 202, y: 4}
    m_direction: 1
    m_canBeDeleted: 1
    m_canBeReordered: 1
    m_curveModifier: 0
    m_height: 24
    m_width: 216
    m_x: 0
    m_y: 86
    m_id: af53f679-010c-4ae2-b070-9b52b3ade4ff
    m_nodeId: 5e6b8344-4e30-467c-9ad9-84ab8009fddd
    m_socketName: OutputSocket_1
    m_value: '{"ButtonCategory":"DieScreen","ButtonName":"PlayAgain","GameEvent":"","TimeDelay":3.0,"Trigger":0}'
    m_valueTypeQualifiedName: Doozy.Engine.UI.Connections.UIConnection, Assembly-CSharp,
      Version=0.0.0.0, Culture=neutral, PublicKeyToken=null
  m_nodeType: 4
  m_allowDuplicateNodeName: 0
  m_allowEmptyNodeName: 0
  m_canBeDeleted: 1
  m_debugMode: 0
  m_useFixedUpdate: 0
  m_useLateUpdate: 0
  m_useUpdate: 0
  m_height: 152
  m_width: 216
  m_x: 228
  m_y: -132
  m_minimumInputSocketsCount: 1
  m_minimumOutputSocketsCount: 1
  m_graphId: 82f6bc80-827e-4fdd-bf06-79537837bc8c
  m_id: 5e6b8344-4e30-467c-9ad9-84ab8009fddd
  m_name: Muerte
  m_notes: 
  m_onEnterShowViews:
  - Category: DieScreen
    InstantAction: 0
    Name: MenuMuerte
  m_onEnterHideViews: []
  m_onExitShowViews: []
  m_onExitHideViews:
  - Category: DieScreen
    InstantAction: 0
    Name: MenuMuerte
  - Category: MyMenu
    InstantAction: 0
    Name: MenuPrincipal
--- !u!114 &8867004513556201996
MonoBehaviour:
  m_ObjectHideFlags: 1
  m_CorrespondingSourceObject: {fileID: 0}
  m_PrefabInstance: {fileID: 0}
  m_PrefabAsset: {fileID: 0}
  m_GameObject: {fileID: 0}
  m_Enabled: 1
  m_EditorHideFlags: 0
  m_Script: {fileID: 11500000, guid: 840a439e06374673a9115ed02deb5a54, type: 3}
  m_Name: UINode
  m_EditorClassIdentifier: 
  ErrorNodeNameIsEmpty: 0
  ErrorDuplicateNameFoundInGraph: 1
  m_inputSockets:
  - m_connectionMode: 1
    m_connections:
    - m_inputConnectionPoint: {x: -2, y: 4}
      m_outputConnectionPoint: {x: 202, y: 4}
      m_id: 1237de42-0907-4923-9bb4-807957f4e723
      m_inputNodeId: ce6b81e4-f365-4df3-b45a-03dcabd2a91b
      m_inputSocketId: 72d0f97e-320c-44c3-9908-302556444653
      m_outputNodeId: 798fdce0-c362-4fe0-a635-493c9cd307d9
      m_outputSocketId: 4528eab2-9812-46d0-937e-3c2c08d69df9
    m_connectionPoints:
    - {x: -2, y: 4}
    - {x: 202, y: 4}
    m_direction: 0
    m_canBeDeleted: 0
    m_canBeReordered: 0
    m_curveModifier: 0
    m_height: 24
    m_width: 216
    m_x: 0
    m_y: 38
    m_id: 72d0f97e-320c-44c3-9908-302556444653
    m_nodeId: ce6b81e4-f365-4df3-b45a-03dcabd2a91b
    m_socketName: InputSocket_0
    m_value: '{"ButtonCategory":"General","ButtonName":"Unnamed","GameEvent":"","TimeDelay":3.0,"Trigger":0}'
    m_valueTypeQualifiedName: Doozy.Engine.UI.Connections.UIConnection, Assembly-CSharp,
      Version=0.0.0.0, Culture=neutral, PublicKeyToken=null
  m_outputSockets:
  - m_connectionMode: 0
    m_connections: []
    m_connectionPoints:
    - {x: -2, y: 4}
    - {x: 202, y: 4}
    m_direction: 1
    m_canBeDeleted: 1
    m_canBeReordered: 1
    m_curveModifier: 0
    m_height: 24
    m_width: 216
    m_x: 0
    m_y: 62
    m_id: 98989bc2-fd00-425d-9c0f-1c5cae5cdb0a
    m_nodeId: ce6b81e4-f365-4df3-b45a-03dcabd2a91b
    m_socketName: OutputSocket_0
    m_value: '{"ButtonCategory":"General","ButtonName":"Back","GameEvent":"","TimeDelay":3.0,"Trigger":0}'
    m_valueTypeQualifiedName: Doozy.Engine.UI.Connections.UIConnection, Assembly-CSharp,
      Version=0.0.0.0, Culture=neutral, PublicKeyToken=null
  m_nodeType: 4
  m_allowDuplicateNodeName: 0
  m_allowEmptyNodeName: 0
  m_canBeDeleted: 1
  m_debugMode: 0
  m_useFixedUpdate: 0
  m_useLateUpdate: 0
  m_useUpdate: 0
  m_height: 128
  m_width: 216
  m_x: 528
  m_y: -48
  m_minimumInputSocketsCount: 1
  m_minimumOutputSocketsCount: 1
  m_graphId: 82f6bc80-827e-4fdd-bf06-79537837bc8c
  m_id: ce6b81e4-f365-4df3-b45a-03dcabd2a91b
  m_name: UI Node
  m_notes: 
  m_onEnterShowViews:
  - Category: Go Out
    InstantAction: 0
    Name: Go Out
  m_onEnterHideViews: []
  m_onExitShowViews: []
  m_onExitHideViews:
  - Category: Instructions
    InstantAction: 0
    Name: MenuInstrucciones2
  - Category: MyMenu
    InstantAction: 0
    Name: MenuPrincipal
