%YAML 1.1
%TAG !u! tag:unity3d.com,2011:
--- !u!1 &6636273541504968948
GameObject:
  m_ObjectHideFlags: 0
  m_CorrespondingSourceObject: {fileID: 0}
  m_PrefabInstance: {fileID: 0}
  m_PrefabAsset: {fileID: 0}
  serializedVersion: 6
  m_Component:
  - component: {fileID: 6636273541504968952}
  - component: {fileID: 6636273541504968955}
  - component: {fileID: 6636273541504968951}
  - component: {fileID: 6636273541504968953}
  - component: {fileID: 6636273541504968950}
  m_Layer: 8
  m_Name: Ladder
  m_TagString: Untagged
  m_Icon: {fileID: 0}
  m_NavMeshLayer: 0
  m_StaticEditorFlags: 0
  m_IsActive: 1
--- !u!4 &6636273541504968952
Transform:
  m_ObjectHideFlags: 0
  m_CorrespondingSourceObject: {fileID: 0}
  m_PrefabInstance: {fileID: 0}
  m_PrefabAsset: {fileID: 0}
  m_GameObject: {fileID: 6636273541504968948}
  m_LocalRotation: {x: 0, y: 1, z: 0, w: 0}
  m_LocalPosition: {x: 11.07, y: 15.22, z: -17.26}
  m_LocalScale: {x: 1, y: 1, z: 1}
  m_Children:
  - {fileID: 6636273542055812842}
  m_Father: {fileID: 0}
  m_RootOrder: 0
  m_LocalEulerAnglesHint: {x: 0, y: 50, z: 0}
--- !u!65 &6636273541504968955
BoxCollider:
  m_ObjectHideFlags: 0
  m_CorrespondingSourceObject: {fileID: 0}
  m_PrefabInstance: {fileID: 0}
  m_PrefabAsset: {fileID: 0}
  m_GameObject: {fileID: 6636273541504968948}
  m_Material: {fileID: 0}
  m_IsTrigger: 0
  m_Enabled: 1
  serializedVersion: 2
  m_Size: {x: 0.4, y: 2, z: 1}
  m_Center: {x: 0.8, y: -0.5, z: 0}
--- !u!114 &6636273541504968951
MonoBehaviour:
  m_ObjectHideFlags: 0
  m_CorrespondingSourceObject: {fileID: 0}
  m_PrefabInstance: {fileID: 0}
  m_PrefabAsset: {fileID: 0}
  m_GameObject: {fileID: 6636273541504968948}
  m_Enabled: 1
  m_EditorHideFlags: 0
  m_Script: {fileID: 11500000, guid: 08925bc7ad26fe04abeacfec19ecc180, type: 3}
  m_Name: 
  m_EditorClassIdentifier: 
  ladderPhysicColider: {fileID: 6636273541504968955}
  ladderColider: {fileID: 6636273541504968953}
  ladderBody: {fileID: 6636273542055812840}
  ladder: {fileID: 6636273542055812843}
  facing: 3
  length: 1
  snap: 0
--- !u!65 &6636273541504968953
BoxCollider:
  m_ObjectHideFlags: 0
  m_CorrespondingSourceObject: {fileID: 0}
  m_PrefabInstance: {fileID: 0}
  m_PrefabAsset: {fileID: 0}
  m_GameObject: {fileID: 6636273541504968948}
  m_Material: {fileID: 0}
  m_IsTrigger: 1
  m_Enabled: 1
  serializedVersion: 2
  m_Size: {x: 0.6, y: 1.8, z: 1}
  m_Center: {x: 0.3, y: -0.4, z: 0}
--- !u!114 &6636273541504968950
MonoBehaviour:
  m_ObjectHideFlags: 0
  m_CorrespondingSourceObject: {fileID: 0}
  m_PrefabInstance: {fileID: 0}
  m_PrefabAsset: {fileID: 0}
  m_GameObject: {fileID: 6636273541504968948}
  m_Enabled: 1
  m_EditorHideFlags: 0
  m_Script: {fileID: 11500000, guid: 5647fd52cfb8aea4683ca9884425e1a2, type: 3}
  m_Name: 
  m_EditorClassIdentifier: 
  direction: {x: 0, y: 1, z: 0}
--- !u!1 &6636273542055812840
GameObject:
  m_ObjectHideFlags: 0
  m_CorrespondingSourceObject: {fileID: 0}
  m_PrefabInstance: {fileID: 0}
  m_PrefabAsset: {fileID: 0}
  serializedVersion: 6
  m_Component:
  - component: {fileID: 6636273542055812842}
  - component: {fileID: 6636273542055812843}
  m_Layer: 8
  m_Name: LadderSections
  m_TagString: Untagged
  m_Icon: {fileID: 0}
  m_NavMeshLayer: 0
  m_StaticEditorFlags: 0
  m_IsActive: 1
--- !u!4 &6636273542055812842
Transform:
  m_ObjectHideFlags: 0
  m_CorrespondingSourceObject: {fileID: 0}
  m_PrefabInstance: {fileID: 0}
  m_PrefabAsset: {fileID: 0}
  m_GameObject: {fileID: 6636273542055812840}
  m_LocalRotation: {x: -0, y: 0.7071068, z: -0, w: -0.7071068}
  m_LocalPosition: {x: 1, y: -0.5, z: 0}
  m_LocalScale: {x: 1, y: 1, z: 1}
  m_Children:
  - {fileID: 2694221802660023788}
  m_Father: {fileID: 6636273541504968952}
  m_RootOrder: 0
  m_LocalEulerAnglesHint: {x: 0, y: 270, z: 0}
--- !u!114 &6636273542055812843
MonoBehaviour:
  m_ObjectHideFlags: 0
  m_CorrespondingSourceObject: {fileID: 0}
  m_PrefabInstance: {fileID: 0}
  m_PrefabAsset: {fileID: 0}
  m_GameObject: {fileID: 6636273542055812840}
  m_Enabled: 1
  m_EditorHideFlags: 0
  m_Script: {fileID: 11500000, guid: cf6c44601bc314a2e8cb018ad1d60857, type: 3}
  m_Name: 
  m_EditorClassIdentifier: 
  length: 1
  ladderSectionPrefab: {fileID: 972738701587607853, guid: e0f0ebabf791142b9974b5d938227adb,
    type: 3}
--- !u!1001 &8585169370515668663
PrefabInstance:
  m_ObjectHideFlags: 0
  serializedVersion: 2
  m_Modification:
    m_TransformParent: {fileID: 6636273542055812842}
    m_Modifications:
    - target: {fileID: 972738701587607853, guid: e0f0ebabf791142b9974b5d938227adb,
        type: 3}
      propertyPath: m_Name
      value: Ladder.MidSection
      objectReference: {fileID: 0}
    - target: {fileID: 5928824507204612955, guid: e0f0ebabf791142b9974b5d938227adb,
        type: 3}
      propertyPath: m_RootOrder
      value: 0
      objectReference: {fileID: 0}
    - target: {fileID: 5928824507204612955, guid: e0f0ebabf791142b9974b5d938227adb,
        type: 3}
      propertyPath: m_LocalScale.x
      value: 0.9999999
      objectReference: {fileID: 0}
    - target: {fileID: 5928824507204612955, guid: e0f0ebabf791142b9974b5d938227adb,
        type: 3}
      propertyPath: m_LocalScale.z
      value: 1.0000001
      objectReference: {fileID: 0}
    - target: {fileID: 5928824507204612955, guid: e0f0ebabf791142b9974b5d938227adb,
        type: 3}
      propertyPath: m_LocalPosition.x
      value: 0
      objectReference: {fileID: 0}
    - target: {fileID: 5928824507204612955, guid: e0f0ebabf791142b9974b5d938227adb,
        type: 3}
      propertyPath: m_LocalPosition.y
      value: 0
      objectReference: {fileID: 0}
    - target: {fileID: 5928824507204612955, guid: e0f0ebabf791142b9974b5d938227adb,
        type: 3}
      propertyPath: m_LocalPosition.z
      value: 0
      objectReference: {fileID: 0}
    - target: {fileID: 5928824507204612955, guid: e0f0ebabf791142b9974b5d938227adb,
        type: 3}
      propertyPath: m_LocalRotation.w
      value: 1
      objectReference: {fileID: 0}
    - target: {fileID: 5928824507204612955, guid: e0f0ebabf791142b9974b5d938227adb,
        type: 3}
      propertyPath: m_LocalRotation.x
      value: 0
      objectReference: {fileID: 0}
    - target: {fileID: 5928824507204612955, guid: e0f0ebabf791142b9974b5d938227adb,
        type: 3}
      propertyPath: m_LocalRotation.y
      value: 0
      objectReference: {fileID: 0}
    - target: {fileID: 5928824507204612955, guid: e0f0ebabf791142b9974b5d938227adb,
        type: 3}
      propertyPath: m_LocalRotation.z
      value: 0
      objectReference: {fileID: 0}
    - target: {fileID: 5928824507204612955, guid: e0f0ebabf791142b9974b5d938227adb,
        type: 3}
      propertyPath: m_LocalEulerAnglesHint.x
      value: -89.98
      objectReference: {fileID: 0}
    - target: {fileID: 5928824507204612955, guid: e0f0ebabf791142b9974b5d938227adb,
        type: 3}
      propertyPath: m_LocalEulerAnglesHint.y
      value: 0
      objectReference: {fileID: 0}
    - target: {fileID: 5928824507204612955, guid: e0f0ebabf791142b9974b5d938227adb,
        type: 3}
      propertyPath: m_LocalEulerAnglesHint.z
      value: 0
      objectReference: {fileID: 0}
    m_RemovedComponents: []
  m_SourcePrefab: {fileID: 100100000, guid: e0f0ebabf791142b9974b5d938227adb, type: 3}
--- !u!4 &2694221802660023788 stripped
Transform:
  m_CorrespondingSourceObject: {fileID: 5928824507204612955, guid: e0f0ebabf791142b9974b5d938227adb,
    type: 3}
  m_PrefabInstance: {fileID: 8585169370515668663}
  m_PrefabAsset: {fileID: 0}
